<record><leader>01125cam a2200313 a 4500</leader><controlfield tag="001">1356833</controlfield><controlfield tag="008">910214s1985    gw a     b        0 fre d</controlfield><datafield ind1=" " ind2=" " tag="010"><subfield code="a">   85171844 //r88</subfield></datafield><datafield ind1=" " ind2=" " tag="020"><subfield code="a">387118697X</subfield></datafield><datafield ind1=" " ind2=" " tag="035"><subfield code="a">ocm13185036</subfield></datafield><datafield ind1=" " ind2=" " tag="040"><subfield code="a">DLC</subfield><subfield code="b">eng</subfield><subfield code="c">DLC</subfield></datafield><datafield ind1=" " ind2=" " tag="043"><subfield code="a">n-us-la</subfield></datafield><datafield ind1=" " ind2=" " tag="049"><subfield code="a">AEU</subfield><subfield code="b">eng</subfield></datafield><datafield ind1="0" ind2="0" tag="050"><subfield code="a">PM7854.L6</subfield><subfield code="b">N4 1985</subfield></datafield><datafield ind1="0" ind2=" " tag="082"><subfield code="a">447/.976348</subfield><subfield code="2">19</subfield></datafield><datafield ind1="0" ind2=" " tag="090"><subfield code="a">PM 7854 L6 N492 1985</subfield></datafield><datafield ind1="1" ind2=" " tag="100"><subfield code="a">Neumann-Holzschuh, Ingrid.</subfield></datafield><datafield ind1="1" ind2="3" tag="245"><subfield code="a">Le cr&#233;ole de Breaux Bridge, Louisiane :</subfield><subfield code="b">&#233;tude morphosyntaxique, textes, vocabulaire /</subfield><subfield code="c">Ingrid Neumann.</subfield></datafield><datafield ind1=" " ind2=" " tag="260"><subfield code="a">Hamburg :</subfield><subfield code="b">H. Buske,</subfield><subfield code="c">c1985.</subfield></datafield><datafield ind1=" " ind2=" " tag="300"><subfield code="a">xvi, 500 p. :</subfield><subfield code="b">ill. ;</subfield><subfield code="c">21 cm.</subfield></datafield><datafield ind1=" " ind2=" " tag="336"><subfield code="a">text</subfield><subfield code="b">txt</subfield><subfield code="2">rdacontent</subfield></datafield><datafield ind1=" " ind2=" " tag="337"><subfield code="a">unmediated</subfield><subfield code="b">n</subfield><subfield code="2">rdamedia</subfield></datafield><datafield ind1=" " ind2=" " tag="338"><subfield code="a">volume</subfield><subfield code="b">nc</subfield><subfield code="2">rdacarrier</subfield></datafield><datafield ind1="1" ind2=" " tag="490"><subfield code="a">Kreolische Bibliothek.</subfield><subfield code="v">Bd. 7</subfield><subfield code="x">0720-9983 ;</subfield></datafield><datafield ind1=" " ind2=" " tag="504"><subfield code="a">Bibliography: p. [489]-500.</subfield></datafield><datafield ind1=" " ind2=" " tag="596"><subfield code="a">43</subfield></datafield><datafield ind1=" " ind2="0" tag="650"><subfield code="a">Creole dialects, French</subfield><subfield code="z">Louisiana</subfield><subfield code="z">Breaux Bridge.</subfield></datafield><datafield ind1=" " ind2="0" tag="830"><subfield code="a">Kreolische Bibliothek.</subfield><subfield code="x">0720-9983 ;</subfield><subfield code="v">Bd. 7.</subfield></datafield><datafield ind1=" " ind2=" " tag="926"><subfield code="a">PM 7854 L6 N492 1985</subfield><subfield code="w">LC</subfield><subfield code="c">1</subfield><subfield code="i">000035753649</subfield><subfield code="d">4/20/2009</subfield><subfield code="e">4/8/2009</subfield><subfield code="l">ON_SHELF</subfield><subfield code="m">UAHSS</subfield><subfield code="n">12</subfield><subfield code="p">$150.00</subfield><subfield code="r">Y</subfield><subfield code="s">Y</subfield><subfield code="t">BOOK</subfield><subfield code="u">2/27/1991</subfield></datafield></record>